@article{DBLP:journals/jodsn/Ngomo12,
  author    = {Axel-Cyrille {{Ngonga Ngomo}}},
  title     = {On Link Discovery using a Hybrid Approach},
  journal   = {J. Data Semantics},
  volume    = {1},
  number    = {4},
  year      = {2012},
  pages     = {203-217}
}

@inproceedings{DBLP:conf/esws/NikolovdM12,
  author    = {Andriy Nikolov and
               Mathieu d'Aquin and
               Enrico Motta},
  title     = {Unsupervised Learning of Link Discovery Configuration},
  booktitle = {ESWC},
  year      = {2012},
  pages     = {119-133},
  ee        = {http://dx.doi.org/10.1007/978-3-642-30284-8_15},
  bibsource = {DBLP, http://dblp.uni-trier.de}
}

@inproceedings{DBLP:conf/semweb/Ngomo12,
  author    = {Axel-Cyrille {{Ngonga Ngomo}}},
  title     = {Link Discovery with Guaranteed Reduction Ratio in Affine
               Spaces with Minkowski Measures},
  booktitle = {International Semantic Web Conference (1)},
  year      = {2012},
  pages     = {378-393}
}


@article{DBLP:journals/dke/KopckeR10,
  author    = {Hanna K{\"o}pcke and
               Erhard Rahm},
  title     = {Frameworks for entity matching: A comparison},
  journal   = {Data Knowl. Eng.},
  volume    = {69},
  number    = {2},
  year      = {2010},
  pages     = {197-210},
  ee        = {http://dx.doi.org/10.1016/j.datak.2009.10.003},
  bibsource = {DBLP, http://dblp.uni-trier.de}
}

@article{DBLP:journals/tkde/ElmagarmidIV07,
  author    = {Ahmed K. Elmagarmid and
               Panagiotis G. Ipeirotis and
               Vassilios S. Verykios},
  title     = {Duplicate Record Detection: A Survey},
  journal   = {IEEE Trans. Knowl. Data Eng.},
  volume    = {19},
  number    = {1},
  year      = {2007},
  pages     = {1-16},
  ee        = {http://dx.doi.org/10.1109/TKDE.2007.250581},
  bibsource = {DBLP, http://dblp.uni-trier.de}
}

@article{DBLP:journals/pr/AtallahRL91,
  author    = {Mikhail J. Atallah and
               Celso C. Ribeiro and
               S{\'e}rgio Lifschitz},
  title     = {Computing some distance functions between polygons},
  journal   = {Pattern Recognition},
  volume    = {24},
  number    = {8},
  year      = {1991},
  pages     = {775-781},
  ee        = {http://dx.doi.org/10.1016/0031-3203(91)90045-7},
  bibsource = {DBLP, http://dblp.uni-trier.de}
}

@inproceedings{DBLP:conf/semweb/LehmannFGNSSUBGHLA12,
  author    = {Jens Lehmann and
               Tim Furche and
               Giovanni Grasso and
               Axel-Cyrille {{Ngonga Ngomo}} and
               Christian Schallhart and
               Andrew Jon Sellers and
               Christina Unger and
               Lorenz B{\"u}hmann and
               Daniel Gerber and
               Konrad H{\"o}ffner and
               David Liu and
               S{\"o}ren Auer},
  title     = {{DEQA: Deep Web Extraction for Question Answering}},
  booktitle = {International Semantic Web Conference (2)},
  year      = {2012},
  pages     = {131-147},
  bibsource = {DBLP, http://dblp.uni-trier.de}
}

@ARTICLE{Guthe05fastand,
    author = {Michael Guthe and Pavel Borodin and Reinhard Klein},
    title = {Fast and Accurate Hausdorff Distance Calculation between Meshes},
    journal = {J. of WSCG},
    year = {2005},
    volume = {13},
    pages = {41--48}
}

@TECHREPORT{ATA83,
author = {Mikhail J. Atallah},
title = {A Linear Time Algorithm for the Hausdorff Distance Between Convex Polygons},
year = 1983,
institution = {Purdue University, Department of Computer Science}}

@inproceedings{unbehauen-jist-2012-sparqlmap,
  author = {Unbehauen, J{\"o}rg and Stadler, Claus and Auer, S{\"o}ren},
  booktitle = {Joint International Conference on Semantic Technologies},
  title = {Accessing Relational Data on the Web with SparqlMap},
  url = {http://svn.aksw.org/papers/2012/SPARQLComponent/JIST_SparqlMap/public.pdf},
  year = 2012,
	pages = {}
}

@article{2001-ramon,
  title={A polynomial time computable metric between point sets},
  author={J. Ramon and M. Bruynooghe },
  journal={Acta Informatica},
  ISSN={0001-5903},
  volume={37},
  number={10},
  pages={765--780},
  month={August},
  year={2001}
 }

@article{Min:2007:EHD:1392170.1392176,
 author = {Min, D. and Zhilin, L. and Xiaoyong, C.},
 title = {Extended Hausdorff distance for spatial objects in GIS},
 journal = {Int. J. Geogr. Inf. Sci.},
 issue_date = {January 2007},
 volume = {21},
 number = {4},
 month = jan,
 year = {2007},
 issn = {1365-8816},
 pages = {459--475},
 numpages = {17},
 url = {http://dx.doi.org/10.1080/13658810601073315},
 doi = {10.1080/13658810601073315},
 acmid = {1392176},
 publisher = {Taylor \& Francis, Inc.},
 address = {Bristol, PA, USA},
 keywords = {Hausdorff distance, Hausdorff metric, Spatial distance, extended Hausdorff distance, median Hausdorff distance},
} 
@article{DBLP:journals/cacm/DeanG08,
  author    = {Jeffrey Dean and
               Sanjay Ghemawat},
  title     = {{MapReduce: Simplified Data Processing on Large Clusters}},
  journal   = {Commun. ACM},
  volume    = {51},
  number    = {1},
  year      = {2008},
  pages     = {107-113},
  ee        = {http://doi.acm.org/10.1145/1327452.1327492},
  bibsource = {DBLP, http://dblp.uni-trier.de}
}

@article{DBLP:journals/pvldb/KolbTR12,
  author    = {Lars Kolb and
               Andreas Thor and
               Erhard Rahm},
  title     = {{Dedoop: Efficient Deduplication with Hadoop}},
  journal   = {PVLDB},
  volume    = {5},
  number    = {12},
  year      = {2012},
  pages     = {1878-1881},
  ee        = {http://vldb.org/pvldb/vol5/p1878_larskolb_vldb2012.pdf},
  bibsource = {DBLP, http://dblp.uni-trier.de}
}

@inproceedings{DBLP:conf/icde/KolbTR12,
  author    = {Lars Kolb and
               Andreas Thor and
               Erhard Rahm},
  title     = {{Load Balancing for MapReduce-based Entity Resolution}},
  booktitle = {ICDE},
  year      = {2012},
  pages     = {618-629},
  ee        = {http://doi.ieeecomputersociety.org/10.1109/ICDE.2012.22},
  bibsource = {DBLP, http://dblp.uni-trier.de}
}

@inproceedings{DBLP:conf/sigmod/KwonBHR12,
  author    = {YongChul Kwon and
               Magdalena Balazinska and
               Bill Howe and
               Jerome A. Rolia},
  title     = {{SkewTune: Mitigating Skew in MapReduce Applications}},
  booktitle = {SIGMOD Conference},
  year      = {2012},
  pages     = {25-36},
  ee        = {http://doi.acm.org/10.1145/2213836.2213840},
  bibsource = {DBLP, http://dblp.uni-trier.de}
}

@inproceedings{hogan2010,
  author =	 {Aidan Hogan and Axel Polleres and JÃ¼rgen Umbrich and Antoine Zimmermann},
  title =	 {Some entities are more equal than org.aksw.deer.resources.others: statistical methods to consolidate Linked Data},
  booktitle =	 {Workshop on New Forms of Reasoning for the Semantic Web: Scalable \& Dynamic (NeFoRS2010)},
  year =	 {2010}
}

@inproceedings{sleeman2010,
  author =	 {Jennifer Sleeman and Tim Finin},
  title =	 {Computing FOAF Co-reference Relations with Rules and Machine Learning},
  booktitle =	 {Proceedings of the Third International Workshop on Social Data on the Web},
  year =	 {2010}
}

@inproceedings{DBLP:conf/semweb/SongH11,
  author    = {Dezhao Song and
               Jeff Heflin},
  title     = {Automatically Generating Data Linkages Using a Domain-Independent
               Candidate Selection Approach},
  booktitle = {International Semantic Web Conference (1)},
  year      = {2011},
  pages     = {649-664},
  ee        = {http://dx.doi.org/10.1007/978-3-642-25073-6_41},
  bibsource = {DBLP, http://dblp.uni-trier.de}
}

@INPROCEEDINGS{RAI+08,
  author = {Yves Raimond and Christopher Sutton and Mark Sandler},
  title = {Automatic Interlinking of Music Datasets on the Semantic Web},
  booktitle = {Proceedings of the 1st Workshop about Linked Data on the Web},
  year = {2008},
  keywords = {bestpractices linkeddata music}
}

@inproceedings{Papadakis:2011:ERB:1998076.1998093,
 author = {Papadakis, George and Ioannou, Ekaterini and Nieder{\'e}e, Claudia and Palpanas, Themis and Nejdl, Wolfgang},
 title = {Eliminating the redundancy in blocking-based entity resolution methods},
 booktitle = {Proceedings of the 11th annual international ACM/IEEE joint conference on Digital libraries},
 series = {JCDL '11},
 year = {2011},
 isbn = {978-1-4503-0744-4},
 location = {Ottawa, Ontario, Canada},
 pages = {85--94},
 numpages = {10},
 url = {http://doi.acm.org/10.1145/1998076.1998093},
 doi = {10.1145/1998076.1998093},
 acmid = {1998093},
 publisher = {ACM},
 address = {New York, NY, USA},
 keywords = {data cleaning, entity resolution, redundancy-based blocking},
} 

@inproceedings{Nikolov:2009:OSH:1697924.1697951,
 author = {Nikolov, Andriy and Uren, Victoria and Motta, Enrico and Roeck, Anne},
 title = {Overcoming Schema Heterogeneity between Linked Semantic Repositories to Improve Coreference Resolution},
 booktitle = {Proceedings of the 4th Asian Conference on The Semantic Web},
 series = {ASWC '09},
 year = {2009},
 isbn = {978-3-642-10870-9},
 location = {Shanghai, China},
 pages = {332--346},
 numpages = {15},
 url = {http://dx.doi.org/10.1007/978-3-642-10871-6_23},
 doi = {10.1007/978-3-642-10871-6_23},
 acmid = {1697951},
 publisher = {Springer-Verlag},
 address = {Berlin, Heidelberg},
} 

@inproceedings{DBLP:conf/www/Cudre-MaurouxHJAM09,
  author    = {Philippe Cudr{\'e}-Mauroux and
               Parisa Haghani and
               Michael Jost and
               Karl Aberer and
               Hermann de Meer},
  title     = {idMesh: graph-based disambiguation of linked data},
  booktitle = {WWW},
  year      = {2009},
  pages     = {591-600},
  ee        = {http://doi.acm.org/10.1145/1526709.1526789},
  bibsource = {DBLP, http://dblp.uni-trier.de}
}

@article{DBLP:journals/pvldb/WangLF10,
  author    = {Jiannan Wang and
               Guoliang Li and
               Jianhua Feng},
  title     = {Trie-Join: Efficient Trie-based String Similarity Joins
               with Edit-Distance Constraints},
  journal   = {PVLDB},
  volume    = {3},
  number    = {1},
  year      = {2010},
  pages     = {1219-1230},
  ee        = {http://www.comp.nus.edu.sg/$\sim$vldb2010/proceedings/files/papers/R108.pdf},
  bibsource = {DBLP, http://dblp.uni-trier.de}
}

@article{Li:2011:PPM:2078331.2078340,
 author = {Li, Guoliang and Deng, Dong and Wang, Jiannan and Feng, Jianhua},
 title = {Pass-join: a partition-based method for similarity joins},
 journal = {Proc. VLDB Endow.},
 issue_date = {November 2011},
 volume = {5},
 number = {3},
 month = nov,
 year = {2011},
 issn = {2150-8097},
 pages = {253--264},
 numpages = {12},
 url = {http://dl.acm.org/citation.cfm?id=2078331.2078340},
 acmid = {2078340},
 publisher = {VLDB Endowment},
} 

@inproceedings{DBLP:conf/icde/GuflerARK12,
  author    = {Benjamin Gufler and
               Nikolaus Augsten and
               Angelika Reiser and
               Alfons Kemper},
  title     = {{Load Balancing in MapReduce Based on Scalable Cardinality
               Estimates}},
  booktitle = {ICDE},
  year      = {2012},
  pages     = {522-533},
  ee        = {http://doi.ieeecomputersociety.org/10.1109/ICDE.2012.58},
  bibsource = {DBLP, http://dblp.uni-trier.de}
}

@article{DBLP:journals/ife/KolbTR12,
  author    = {Lars Kolb and
               Andreas Thor and
               Erhard Rahm},
  title     = {{Multi-pass Sorted Neighborhood blocking with MapReduce}},
  journal   = {Computer Science - R{\&}D},
  volume    = {27},
  number    = {1},
  year      = {2012},
  pages     = {45-63},
  ee        = {http://dx.doi.org/10.1007/s00450-011-0177-x},
  bibsource = {DBLP, http://dblp.uni-trier.de}
}

@inproceedings{DBLP:conf/sigmod/VernicaCL10,
  author    = {Rares Vernica and Michael J. Carey and Chen Li},
  title     = {Efficient parallel set-similarity joins using MapReduce},
  booktitle = {SIGMOD Conference},
  year      = {2010},
  pages     = {495-506},
  ee        = {http://doi.acm.org/10.1145/1807167.1807222},
  bibsource = {DBLP, http://dblp.uni-trier.de}
}

@inproceedings{DBLP:conf/sigmod/WangWLWWLTXL10,
  author    = {Chaokun Wang and Jianmin Wang and Xuemin Lin and org.aksw.deer.resources.others},
  title     = {{MapDupReducer: Detecting Near Duplicates over Massive Datasets}},
  booktitle = {SIGMOD Conference},
  year      = {2010},
  pages     = {1119-1122},
  ee        = {http://doi.acm.org/10.1145/1807167.1807296},
  bibsource = {DBLP, http://dblp.uni-trier.de}
}






@inproceedings{DBLP:conf/semweb/Ngomo11,
  author    = {Axel-Cyrille {{Ngonga Ngomo}}},
  title     = {{A Time-Efficient Hybrid Approach to Link Discovery}},
  booktitle = {OM},
  year      = {2011},
  ee        = {http://ceur-ws.org/Vol-814/om2011_Tpaper1.pdf},
  bibsource = {DBLP, http://dblp.uni-trier.de}
}

@inproceedings{DBLP:conf/rweb/AuerLN11,
  author    = {S{\"o}ren Auer and
               Jens Lehmann and
               Axel-Cyrille {{Ngonga Ngomo}}},
  title     = {{Introduction to Linked Data and Its Lifecycle on the Web}},
  booktitle = {Reasoning Web},
  year      = {2011},
  pages     = {1-75},
  ee        = {http://dx.doi.org/10.1007/978-3-642-23032-5_1},
  bibsource = {DBLP, http://dblp.uni-trier.de}
}

@inproceedings{DBLP:conf/ijcai/NgomoA11,
  author    = {Axel-Cyrille {{Ngonga Ngomo}} and
               S{\"o}ren Auer},
  title     = {{LIMES - A Time-Efficient Approach for Large-Scale Link Discovery
               on the Web of Data}},
  booktitle = {IJCAI},
  year      = {2011},
  pages     = {2312-2317},
  ee        = {http://ijcai.org/papers11/Papers/IJCAI11-385.pdf},
  bibsource = {DBLP, http://dblp.uni-trier.de}
}

@inproceedings{Bilenko:2003:ADD:956750.956759,
 author = {Bilenko, Mikhail and Mooney, Raymond J.},
 title = {Adaptive duplicate detection using learnable string similarity measures},
 booktitle = {Proceedings of the ninth ACM SIGKDD international conference on Knowledge discovery and data mining},
 series = {KDD '03},
 year = {2003},
 isbn = {1-58113-737-0},
 location = {Washington, D.C.},
 pages = {39--48},
 numpages = {10},
 url = {http://doi.acm.org/10.1145/956750.956759},
 doi = {10.1145/956750.956759},
 acmid = {956759},
 publisher = {ACM},
 address = {New York, NY, USA},
 keywords = {SVM applications, data cleaning, distance metric learning, record linkage, string edit distance, trained similarity measures},
} 

@inproceedings{DBLP:conf/semweb/NgomoLAH11,
  author    = {Axel-Cyrille {Ngonga Ngomo} and
               Jens Lehmann and
               S{\"o}ren Auer and
               Konrad H{\"o}ffner},
  title     = {RAVEN - active learning of link specifications},
  booktitle = {OM},
  year      = {2011},
  ee        = {http://ceur-ws.org/Vol-814/om2011_Tpaper3.pdf},
  crossref  = {DBLP:conf/semweb/2011om},
  bibsource = {DBLP, http://dblp.uni-trier.de}
}


@inproceedings{DBLP:conf/esws/NgomoL12,
  author    = {Axel-Cyrille {Ngonga Ngomo} and
               Klaus Lyko},
  title     = {EAGLE: Efficient Active Learning of Link Specifications
               Using Genetic Programming},
  booktitle = {ESWC},
  year      = {2012},
  pages     = {149-163},
  ee        = {http://dx.doi.org/10.1007/978-3-642-30284-8_17},
  bibsource = {DBLP, http://dblp.uni-trier.de}
}

@inproceedings{de2010active,
  title={Active learning genetic programming for record deduplication},
  author={De Freitas, J. and Pappa, G.L. and da Silva, A.S. and Gon{\c{c}}alves, M.A. and Moura, E. and Veloso, A. and Laender, A.H.F. and de Carvalho, M.G.},
  booktitle={Evolutionary Computation (CEC), 2010 IEEE Congress on},
  pages={1--8},
  year={2010},
  organization={IEEE}
}

@article{DBLP:journals/pvldb/IseleB12,
  author    = {Robert Isele and
               Christian Bizer},
  title     = {Learning Expressive Linkage Rules using Genetic Programming},
  journal   = {PVLDB},
  volume    = {5},
  number    = {11},
  year      = {2012},
  pages     = {1638-1649},
  ee        = {http://vldb.org/pvldb/vol5/p1638_robertisele_vldb2012.pdf},
  bibsource = {DBLP, http://dblp.uni-trier.de}
}

@article{survey91safavian,
  abstract = {A survey is presented of current methods for decision tree classifier (DTC) designs and the various existing issues. After considering potential advantages of DTCs over single-state classifiers, the subjects of tree structure design, feature selection at each internal node, and decision and search strategies are discussed. The relation between decision trees and neutral networks (NN) is also discussed},
  added-at = {2009-01-26T15:49:01.000+0100},
  author = {Safavian, S. R. and Landgrebe, D.},
  biburl = {http://puma.uni-kassel.de/bibtex/2348c3ca0090e508133fffdf656b2432a/hotho},
  booktitle = {Systems, Man and Cybernetics, IEEE Transactions on},
  description = {CiteULike: A survey of decision tree classifier methodology},
  interhash = {d191b7a5dd9037f7e05357e9be3cf1c2},
  intrahash = {348c3ca0090e508133fffdf656b2432a},
  journal = {Systems, Man and Cybernetics, IEEE Transactions on},
  keywords = {decision survey tree},
  number = 3,
  pages = {660--674},
  timestamp = {2009-01-26T15:49:01.000+0100},
  title = {A survey of decision tree classifier methodology},
  url = {http://ieeexplore.ieee.org/xpls/abs\_all.jsp?arnumber=97458},
  volume = 21,
  year = 1991
}

@incollection{DBLP:reference/algo/CristianiniR08,
  author    = {Nello Cristianini and
               Elisa Ricci},
  title     = {Support Vector Machines},
  booktitle = {Encyclopedia of Algorithms},
  year      = {2008},
  ee        = {http://dx.doi.org/10.1007/978-0-387-30162-4_415},
  crossref  = {DBLP:reference/algo/2008},
  bibsource = {DBLP, http://dblp.uni-trier.de}
}

@inproceedings{DBLP:conf/i-semantics/HillnerN11,
  author    = {Stanley Hillner and
               Axel-Cyrille {{Ngonga Ngomo}}},
  title     = {{Parallelizing LIMES for large-scale link discovery}},
  booktitle = {I-SEMANTICS},
  year      = {2011},
  pages     = {9-16},
  ee        = {http://doi.acm.org/10.1145/2063518.2063520},
  bibsource = {DBLP, http://dblp.uni-trier.de}
}


@INPROCEEDINGS{SCH+09,
  author = {{Scharffe}, {Francois} and {Liu}, {Yanbin} and {Zhou}, {Chuguang}},
  title = {RDF-AI: an architecture for RDF datasets matching, org.aksw.deer.resources.fusion and interlink},
  booktitle = {Proc. IJCAI 2009 workshop on Identity, reference, and knowledge representation
	(IR-KR), Pasadena (CA US)},
  year = {2009},
  createdby = {BibML2BibTeX},
  language = {en}
}

@inproceedings{DBLP:conf/kdd/Christen08a,
  author    = {Peter Christen},
  title     = {Febrl -: an open source data cleaning, deduplication and
               record linkage system with a graphical user interface},
  booktitle = {KDD},
  year      = {2008},
  pages     = {1065-1068},
  ee        = {http://doi.acm.org/10.1145/1401890.1402020},
  crossref  = {DBLP:conf/kdd/2008},
  bibsource = {DBLP, http://dblp.uni-trier.de}
}

@inproceedings{DBLP:conf/semweb/HeinoP12,
  author    = {Norman Heino and
               Jeff Z. Pan},
  title     = {{RDFS Reasoning on Massively Parallel Hardware}},
  booktitle = {ISWC},
  year      = {2012},
  pages     = {133-148},
  ee        = {http://dx.doi.org/10.1007/978-3-642-35176-1_9},
  bibsource = {DBLP, http://dblp.uni-trier.de}
}

@inproceedings{DBLP:conf/www/XiaoWLY08,
  author    = {Chuan Xiao and
               Wei Wang and
               Xuemin Lin and
               Jeffrey Xu Yu},
  title     = {{Efficient similarity joins for near duplicate detection}},
  booktitle = {WWW},
  year      = {2008},
  pages     = {131-140},
  ee        = {http://doi.acm.org/10.1145/1367497.1367516},
  bibsource = {DBLP, http://dblp.uni-trier.de}
}

@article{DBLP:journals/pvldb/XiaoWL08,
  author    = {Chuan Xiao and
               Wei Wang and
               Xuemin Lin},
  title     = {{Ed-Join: an efficient algorithm for similarity joins with
               edit distance constraints}},
  journal   = {PVLDB},
  volume    = {1},
  number    = {1},
  year      = {2008},
  pages     = {933-944},
  ee        = {http://www.vldb.org/pvldb/1/1453957.pdf},
  bibsource = {DBLP, http://dblp.uni-trier.de}
}


@inproceedings{DBLP:conf/webdb/IseleJB11,
  author    = {Robert Isele and
               Anja Jentzsch and
               Christian Bizer},
  title     = {{Efficient Multidimensional Blocking for Link Discovery without
               losing Recall}},
  booktitle = {WebDB},
  year      = {2011},
  ee        = {http://webdb2011.rutgers.edu/papers/Paper\%2039/silk.pdf},
  bibsource = {DBLP, http://dblp.uni-trier.de}
}

@inproceedings{DBLP:conf/semweb/EuzenatFHHMNRSSSST11,
  author    = {J{\'e}r{\^o}me Euzenat and Alfio Ferrara and Willem Robert van Hage and org.aksw.deer.resources.others},
  title     = {{Results of the Ontology Alignment Evaluation Initiative 2011}},
  booktitle = {OM},
  year      = {2011},
  ee        = {http://ceur-ws.org/Vol-814/oaei11_paper0.pdf},
  bibsource = {DBLP, http://dblp.uni-trier.de}
}

@inproceedings{DBLP:conf/icwe/IseleJB12,
  author    = {Robert Isele and
               Anja Jentzsch and
               Christian Bizer},
  title     = {{Active Learning of Expressive Linkage Rules for the Web
               of Data}},
  booktitle = {ICWE},
  year      = {2012},
  pages     = {411-418},
  ee        = {http://dx.doi.org/10.1007/978-3-642-31753-8_34},
  bibsource = {DBLP, http://dblp.uni-trier.de}
}

@inproceedings{DBLP:conf/cec/FreitasPSGMVLC10,
  author    = {Junio de Freitas and
               Gisele L. Pappa and
               Altigran Soares da Silva and
               Marcos Andr{\'e} Gon\c{c}alves and
               Edleno Silva de Moura and
               Adriano Veloso and
               Alberto H. F. Laender and
               Mois{\'e}s G. de Carvalho},
  title     = {{Active Learning Genetic programming for record deduplication}},
  booktitle = {IEEE Congress on Evolutionary Computation},
  year      = {2010},
  pages     = {1-8},
  ee        = {http://dx.doi.org/10.1109/CEC.2010.5586104},
  bibsource = {DBLP, http://dblp.uni-trier.de}
}

@inproceedings{DBLP:conf/semweb/IseleB11,
  author    = {Robert Isele and
               Christian Bizer},
  title     = {{Learning Linkage Rules using Genetic Programming}},
  booktitle = {OM},
  year      = {2011},
  ee        = {http://ceur-ws.org/Vol-814/om2011_Tpaper2.pdf},
  bibsource = {DBLP, http://dblp.uni-trier.de}
}


@article{DBLP:journals/pvldb/LiDWF11,
  author    = {Guoliang Li and
               Dong Deng and
               Jiannan Wang and
               Jianhua Feng},
  title     = {PASS-JOIN: A Partition-based Method for Similarity Joins},
  journal   = {PVLDB},
  volume    = {5},
  number    = {3},
  year      = {2011},
  pages     = {253-264},
  ee        = {http://www.vldb.org/pvldb/vol5/p253_guoliangli_vldb2012.pdf},
  bibsource = {DBLP, http://dblp.uni-trier.de}
}


@INPROCEEDINGS{NIK+12,
  author = {Andriy Nikolov and Mathieu D'Aquin and Enrico Motta},
  title = {{Unsupervised Learning of Data Linking Configuration}},
  booktitle = {ESWC},
  year = {2012}
}


@ARTICLE{NGON12c,
  author = {Axel-Cyrille {{Ngonga Ngomo}}},
  title = {{On Link Discovery using a Hybrid Approach}},
  journal = {Journal on Data Semantics},
  year = {2012},
  volume = {1},
  pages = {203 -- 217}
}


@article{Nutanong:2011:IHD:2002974.2002978,
 author = {Nutanong, Sarana and Jacox, Edwin H. and Samet, Hanan},
 title = {An incremental Hausdorff distance calculation algorithm},
 journal = {Proc. VLDB Endow.},
 issue_date = {May 2011},
 volume = {4},
 number = {8},
 month = may,
 year = {2011},
 issn = {2150-8097},
 pages = {506--517},
 numpages = {12},
 url = {http://dl.acm.org/citation.cfm?id=2002974.2002978},
 acmid = {2002978},
 publisher = {VLDB Endowment},
} 

@article{Barton:2010:PHD:1866470.1866631,
 author = {Barto\v{n}, Michael and Hanniel, Iddo and Elber, Gershon and Kim, Myung-Soo},
 title = {Precise Hausdorff distance computation between polygonal meshes},
 journal = {Comput. Aided Geom. Des.},
 issue_date = {November, 2010},
 volume = {27},
 number = {8},
 month = nov,
 year = {2010},
 issn = {0167-8396},
 pages = {580--591},
 numpages = {12},
 url = {http://dx.doi.org/10.1016/j.cagd.2010.04.004},
 doi = {10.1016/j.cagd.2010.04.004},
 acmid = {1866631},
 publisher = {Elsevier Science Publishers B. V.},
 address = {Amsterdam, The Netherlands, The Netherlands},
 keywords = {Bisector surface, Geometric algorithm, Hausdorff distance, Low envelope, Medial axis, Polygonal mesh},
} 

@article{Tang:2009:IHD:1531326.1531380,
 author = {Tang, Min and Lee, Minkyoung and Kim, Young J.},
 title = {Interactive Hausdorff distance computation for general polygonal models},
 journal = {ACM Trans. Graph.},
 issue_date = {August 2009},
 volume = {28},
 number = {3},
 month = jul,
 year = {2009},
 issn = {0730-0301},
 pages = {74:1--74:9},
 articleno = {74},
 numpages = {9},
 url = {http://doi.acm.org/10.1145/1531326.1531380},
 doi = {10.1145/1531326.1531380},
 acmid = {1531380},
 publisher = {ACM},
 address = {New York, NY, USA},
 keywords = {Hausdorff distance, dynamics simulation, penetration depth, shape similarity},
} 
